@misc{etsiit_guidelines_memoria,
  author       = {{ETSIIT-UGR}},
  title        = {Directrices para la redacción y formato de la memoria de prácticas},
  year         = {2025},
  howpublished = {\url{https://grados.ugr.es/informatica/estudiantes/practicas-empresa/memoria_practicas}},
  note         = {Accessed: 2025-05-28}
}

@misc{wazuh_about_us,
  author       = {{Wazuh}},
  title        = {About Us},
  year         = {2025},
  howpublished = {\url{https://wazuh.com/about-us/}},
  note         = {Accessed: 2025-05-28}
}

@misc{wazuh_homepage,
  author       = {{Wazuh}},
  title        = {Wazuh --- Open Source XDR. Open Source SIEM.},
  year         = {2025},
  howpublished = {\url{https://wazuh.com/}},
  note         = {Accessed: 2025-05-28}
}

@misc{wazuh_agent_installation,
  author       = {{Wazuh Documentation}},
  title        = {Wazuh agent --- Installation guide},
  year         = {2025},
  howpublished = {\url{https://documentation.wazuh.com/current/installation-guide/wazuh-agent/index.html}},
  note         = {Accessed: 2025-05-28}
}

@misc{wazuh_regulatory_compliance,
  author       = {{Wazuh Documentation}},
  title        = {Regulatory compliance},
  year         = {2025},
  howpublished = {\url{https://documentation.wazuh.com/current/compliance/index.html}},
  note         = {Accessed: 2025-05-28}
}

@misc{wazuh_wikipedia_es,
  author       = {{Wikipedia contributors}},
  title        = {Wazuh},
  year         = {2025},
  howpublished = {\url{https://es.wikipedia.org/wiki/Wazuh}},
  note         = {Accessed: 2025-05-28}
}

@misc{wazuh_support_agreement,
  author       = {{Wazuh}},
  title        = {Support Agreement},
  year         = {2022},
  howpublished = {\url{https://wazuh.com/docs/Wazuh_Support_agreement.pdf}},
  note         = {Accessed: 2025-05-28}
}

@misc{wazuh_linkedin,
  author       = {{Wazuh on LinkedIn}},
  title        = {Wazuh Company Overview},
  year         = {2025},
  howpublished = {\url{https://ch.linkedin.com/company/wazuh}},
  note         = {Accessed: 2025-05-28}
}

@misc{wazuh_partners,
  author       = {{Wazuh}},
  title        = {Find a partner},
  year         = {2025},
  howpublished = {\url{https://wazuh.com/partners/find-a-partner/}},
  note         = {Accessed: 2025-05-28}
}

@misc{wazuh_documentation,
  author       = {{Wazuh Documentation}},
  title        = {Documentation Index},
  year         = {2025},
  howpublished = {\url{https://documentation.wazuh.com/current/index.html}},
  note         = {Accessed: 2025-05-28}
}

@misc{wazuh_tracxn,
  author       = {{Tracxn}},
  title        = {Wazuh — 2025 Company Profile \& Competitors},
  year         = {2025},
  howpublished = {\url{https://tracxn.com/d/companies/wazuh/__IPf4kVuFSeiNR_dtJkbP-MIgYD0OfiyrmqzQnx1eh6o}},
  note         = {Accessed: 2025-05-28}
}

@misc{wazuh_gartner,
  author       = {{Gartner}},
  title        = {Wazuh — The Open Source Security Platform Reviews},
  year         = {2025},
  howpublished = {\url{https://www.gartner.com/reviews/market/security-information-event-management/vendor/wazuh/product/wazuh-the-open-source-security-platform}},
  note         = {Accessed: 2025-05-28}
}

@misc{linkedin_wazuh,
  author       = {{LinkedIn}},
  title        = {Wazuh | LinkedIn},
  year         = {2025},
  howpublished = {\url{https://www.linkedin.com/company/wazuh}},
  note         = {Accessed: 2025-05-28}
}

@misc{slideshare_wazuh_bassett,
  author       = {{Slideshare}},
  title        = {Santiago Bassett – Wazuh: Growing Cybersecurity Startups in Granada \& Silicon Valley},
  year         = {2019},
  howpublished = {\url{https://www.slideshare.net/slideshow/santiago-bassett-wazuh-growing-cybersecurity-startups-in-granada-silicon-valley-stanford-engineering-4-march-2019/137454804}},
  note         = {Accessed: 2025-05-28}
}

@online{Wazuh:Kubernetes:EKS:2025,
  author       = {Wazuh Team},
  title        = {Deploying Wazuh on Kubernetes using AWS EKS},
  year         = {2025},
  url          = {https://wazuh.com/blog/deploying-wazuh-on-kubernetes-using-aws-eks/},
  note         = {Accedido mayo 2025}
}

@online{AWS:EBS:CSI:2025,
  author       = {{AWS Containers Blog}},
  title        = {Migrating Amazon EKS clusters from gp2 to gp3 EBS volumes},
  year         = {2021},
  url          = {https://aws.amazon.com/blogs/containers/migrating-amazon-eks-clusters-from-gp2-to-gp3-ebs-volumes/},
  note         = {Accedido mayo 2025}
}

@online{AWS:EKS:StorageClass:gp3:2023,
  author       = {{Amazon Web Services}},
  title        = {Create a storage class},
  year         = {2023},
  url          = {https://docs.aws.amazon.com/eks/latest/userguide/create-storage-class.html},
  note         = {Accedido mayo 2025}
}

@online{Wazuh:Kubernetes:Storage:2025,
  author       = {Wazuh Team},
  title        = {Deployment on Kubernetes},
  year         = {2025},
  url          = {https://documentation.wazuh.com/current/deployment-options/deploying-with-kubernetes/kubernetes-deployment.html},
  note         = {Accedido mayo 2025}
}

@online{Wazuh:Kubernetes:Manifests:2024,
  author       = {Wazuh Contributors},
  title        = {wazuh-kubernetes},
  year         = {2024},
  url          = {https://github.com/wazuh/wazuh-kubernetes},
  note         = {Accedido mayo 2025}
}

@online{AWS:EKS:SecurityGroups:2025,
  author       = {{Amazon Web Services}},
  title        = {View Amazon EKS security group requirements for clusters},
  year         = {2025},
  url          = {https://docs.aws.amazon.com/eks/latest/userguide/sec-group-reqs.html},
  note         = {Accedido mayo 2025}
}

@online{AWS:EKS:LoadBalancing:2025,
  author       = {{Amazon Web Services}},
  title        = {Load Balancing - Amazon EKS},
  year         = {2025},
  url          = {https://docs.aws.amazon.com/eks/latest/best-practices/load-balancing.html},
  note         = {Accedido mayo 2025}
}

@online{K8s:Ingress:CertManager:2025,
  author       = {cert-manager Authors},
  title        = {Securing NGINX-ingress},
  year         = {2025},
  url          = {https://cert-manager.io/docs/tutorials/acme/nginx-ingress/},
  note         = {Accedido mayo 2025}
}

@online{Wazuh:Dashboard:TLS:2025,
  author       = {Wazuh Team},
  title        = {Configuring third-party SSL certificates},
  year         = {2025},
  url          = {https://documentation.wazuh.com/current/user-manual/wazuh-dashboard/configuring-third-party-certs/index.html},
  note         = {Accedido mayo 2025}
}

@online{Wazuh:Agent:TLS:2025,
  author       = {Wazuh Team},
  title        = {Wazuh agent identity verification},
  year         = {2025},
  url          = {https://documentation.wazuh.com/current/user-manual/agent/agent-enrollment/security-options/agent-identity-verification.html},
  note         = {Accedido mayo 2025}
}

@online{K8s:Secret:TLS:2025,
  author       = {{Kubernetes Documentation}},
  title        = {Secrets},
  year         = {2025},
  url          = {https://kubernetes.io/docs/concepts/configuration/secret/},
  note         = {Accedido mayo 2025}
}

@online{Wazuh:Agent:Config:2025,
  author       = {Wazuh Team},
  title        = {client - Local configuration (\texttt{ossec.conf})},
  year         = {2025},
  url          = {https://documentation.wazuh.com/current/user-manual/reference/ossec-conf/client.html},
  note         = {Accedido mayo 2025}
}